@article{borland2007rainbow,
  title={Rainbow color map (still) considered harmful},
  author={Borland, David and Ii, Russell M Taylor},
  journal={IEEE computer graphics and applications},
  volume={27},
  number={2},
  year={2007},
  publisher={IEEE}
}

@MISC{xray,
    author = {{com329329}},
    year = {2017},
    note = {[Online; accessed February 17, 2017]},
    url = {https://pixabay.com/en/x-ray-health-arm-doctors-medicine-1704855/}
}

